<?xml version="1.0" encoding="UTF-8"?><collection xmlns="http://www.loc.gov/MARC21/slim"><record><leader>00450nam--2200121-i-4500</leader><controlfield tag="001">000001724</controlfield><controlfield tag="002">20161230</controlfield><controlfield tag="005">20161230201024</controlfield><controlfield tag="008">060222s1000------------r-----000-0-eng-d</controlfield><datafield ind1=" " ind2=" " tag="080"><subfield code="a">535.5(038):621.52(038)</subfield></datafield><datafield ind1=" " ind2=" " tag="245"><subfield code="a">Glossaire ds termes de technique du vide. redige par les soin de la commission technique de la societe francaise des ingenieurs et techniciens du vide</subfield></datafield><datafield ind1=" " ind2=" " tag="260"><subfield code="a">Nogent-sur-marne(Val-de-marne), France, S.F.I.T.V.  38 P</subfield></datafield><datafield ind1=" " ind2=" " tag="852"><subfield code="a">D.457</subfield></datafield></record></collection>